<record><leader>00000cas a2200000 a 4500</leader><controlfield tag="001">35317329</controlfield><controlfield tag="008">960829d18561862miuwr ne      0    0eng c</controlfield><datafield ind1=" " ind2=" " tag="010"><subfield code="a">sn 96077023 </subfield></datafield><datafield ind1=" " ind2=" " tag="040"><subfield code="a">MHN</subfield><subfield code="b">eng</subfield><subfield code="c">MHN</subfield><subfield code="d">OCL</subfield><subfield code="d">MHN</subfield><subfield code="d">OCLCQ</subfield><subfield code="d">OCLCF</subfield></datafield><datafield ind1="1" ind2=" " tag="029"><subfield code="a">AU@</subfield><subfield code="b">000012845233</subfield></datafield><datafield ind1=" " ind2=" " tag="042"><subfield code="a">pcc</subfield></datafield><datafield ind1=" " ind2=" " tag="043"><subfield code="a">n-us-mi</subfield></datafield><datafield ind1="0" ind2=" " tag="130"><subfield code="a">Republican banner (Hastings, Mich.)</subfield></datafield><datafield ind1="1" ind2="0" tag="245"><subfield code="a">Republican banner.</subfield></datafield><datafield ind1=" " ind2=" " tag="260"><subfield code="a">Hastings, Barry County, Mich. :</subfield><subfield code="b">C.S. Burton</subfield></datafield><datafield ind1=" " ind2=" " tag="300"><subfield code="a">v.</subfield></datafield><datafield ind1=" " ind2=" " tag="310"><subfield code="a">Weekly</subfield></datafield><datafield ind1="0" ind2=" " tag="362"><subfield code="a">Vol. 1, no. 1 (May 22, 1856)-v. 6, no. 52 (Apr. 30, 1862).</subfield></datafield><datafield ind1=" " ind2="0" tag="651"><subfield code="a">Hastings (Mich.)</subfield><subfield code="v">Newspapers.</subfield></datafield><datafield ind1=" " ind2="0" tag="651"><subfield code="a">Barry County (Mich.)</subfield><subfield code="v">Newspapers.</subfield></datafield><datafield ind1=" " ind2="7" tag="655"><subfield code="a">Newspapers.</subfield><subfield code="2">fast</subfield><subfield code="0">(OCoLC)fst01423814</subfield></datafield><datafield ind1=" " ind2="7" tag="651"><subfield code="a">Michigan</subfield><subfield code="z">Barry County.</subfield><subfield code="2">fast</subfield><subfield code="0">(OCoLC)fst01214759</subfield></datafield><datafield ind1=" " ind2="7" tag="651"><subfield code="a">Michigan</subfield><subfield code="z">Hastings.</subfield><subfield code="2">fast</subfield><subfield code="0">(OCoLC)fst01232903</subfield></datafield><datafield ind1=" " ind2=" " tag="752"><subfield code="a">United States</subfield><subfield code="b">Michigan</subfield><subfield code="c">Barry</subfield><subfield code="d">Hastings.</subfield></datafield><datafield ind1="0" ind2="0" tag="785"><subfield code="t">Hastings banner (Hastings, Mich. : 1862)</subfield><subfield code="w">(DLC)sn 85033634</subfield><subfield code="w">(OCoLC)12115940</subfield></datafield></record>